<?xml version="1.0" encoding="UTF-8"?><collection xmlns="http://www.loc.gov/MARC21/slim"><record><leader>00626nam--2200181-i-4500</leader><controlfield tag="001">000009093</controlfield><controlfield tag="002">20161230</controlfield><controlfield tag="005">20170121215042</controlfield><controlfield tag="008">060222s1000------------r-----000-0-eng-d</controlfield><datafield ind1=" " ind2=" " tag="080"><subfield code="a">621.38.004.6</subfield></datafield><datafield ind1=" " ind2=" " tag="100"><subfield code="a">Catuneanu, Vasile M</subfield></datafield><datafield ind1=" " ind2=" " tag="245"><subfield code="a">Fiabilitatea produselor electronice de larg co nsum pe baza datelor statistice din perioada d e garantie</subfield></datafield><datafield ind1=" " ind2=" " tag="260"><subfield code="a">Bucuresti</subfield><subfield code="b">Consiliul National Al Inginerilor S I Tehnicienilor</subfield><subfield code="c">1969</subfield></datafield><datafield ind1=" " ind2=" " tag="300"><subfield code="a">10 p</subfield></datafield><datafield ind1=" " ind2=" " tag="490"><subfield code="a">A Doua Conf. A Electricienilor. Sectia Fiabili Statel, Securitate, Calitate</subfield></datafield><datafield ind1=" " ind2=" " tag="700"><subfield code="a">Georgescu, Mihai</subfield></datafield><datafield ind1=" " ind2=" " tag="852"><subfield code="a">31724</subfield></datafield><datafield ind1=" " ind2=" " tag="CAT"><subfield code="a">SYS</subfield><subfield code="c">20170121</subfield><subfield code="h">215042</subfield></datafield></record></collection>